@article{DBLP:journals/ese/GuoYSASVCWY18,
  author    = {Jianmei Guo and
               Dingyu Yang and
               Norbert Siegmund and
               Sven Apel and
               Atrisha Sarkar and
               Pavel Valov and
               Krzysztof Czarnecki and
               Andrzej Wasowski and
               Huiqun Yu},
  title     = {Data-efficient performance learning for configurable systems},
  journal   = {Empirical Software Engineering},
  volume    = {23},
  number    = {3},
  pages     = {1826--1867},
  year      = {2018},
  timestamp = {Tue, 10 Jul 2018 09:45:32 +0200},
  bibsource = {dblp computer science bibliography, https://dblp.org}
}

@inproceedings{DBLP:conf/wosp/ValovPGFC17,
  author    = {Pavel Valov and
               Jean{-}Christophe Petkovich and
               Jianmei Guo and
               Sebastian Fischmeister and
               Krzysztof Czarnecki},
  title     = {Transferring Performance Prediction Models Across Different Hardware
               Platforms},
  booktitle = {Proceedings of the 8th {ACM/SPEC} on International Conference on Performance
               Engineering, {ICPE} 2017, L'Aquila, Italy, April 22-26, 2017},
  pages     = {39--50},
  year      = {2017},
  crossref  = {DBLP:conf/wosp/2017},
  timestamp = {Tue, 06 Nov 2018 16:57:59 +0100},
  bibsource = {dblp computer science bibliography, https://dblp.org}
}

@inproceedings{DBLP:conf/kbse/GuoCASW13,
  author    = {Jianmei Guo and
               Krzysztof Czarnecki and
               Sven Apel and
               Norbert Siegmund and
               Andrzej Wasowski},
  title     = {Variability-aware performance prediction: {A} statistical learning
               approach},
  booktitle = {2013 28th {IEEE/ACM} International Conference on Automated Software
               Engineering, {ASE} 2013, Silicon Valley, CA, USA, November 11-15,
               2013},
  pages     = {301--311},
  year      = {2013},
  crossref  = {DBLP:conf/kbse/2013},
  timestamp = {Wed, 16 Oct 2019 14:14:55 +0200},
  bibsource = {dblp computer science bibliography, https://dblp.org}
}

@inproceedings{DBLP:conf/icac/BarnaLG11,
  author    = {Cornel Barna and
               Marin Litoiu and
               Hamoun Ghanbari},
  title     = {Autonomic load-testing framework},
  booktitle = {Proceedings of the 8th International Conference on Autonomic Computing,
               {ICAC} 2011, Karlsruhe, Germany, June 14-18, 2011},
  pages     = {91--100},
  year      = {2011},
  crossref  = {DBLP:conf/icac/2011},
  timestamp = {Tue, 06 Nov 2018 11:06:50 +0100},
  bibsource = {dblp computer science bibliography, https://dblp.org}
}

@book{DBLP:books/daglib/0076254,
  author    = {Edward D. Lazowska and
               John Zahorjan and
               G. Scott Graham and
               Kenneth C. Sevcik},
  title     = {Quantitative system performance - computer system analysis using queueing
               network models},
  publisher = {Prentice Hall},
  year      = {1984},
  isbn      = {978-0-13-746975-8},
  timestamp = {Fri, 26 Aug 2011 14:36:50 +0200},
  bibsource = {dblp computer science bibliography, https://dblp.org}
}

@inproceedings{DBLP:conf/cmg/MenasceB03,
  author    = {Daniel A. Menasc{\'{e}} and
               Mohamed N. Bennani},
  title     = {On the Use of Performance Models to Design Self-Managing Computer
               Systems},
  booktitle = {29th International Computer Measurement Group Conference, December
               7-12, 2003, Dallas, Texas, USA, Proceedings},
  pages     = {1--9},
  year      = {2003},
  crossref  = {DBLP:conf/cmg/2003},
  timestamp = {Wed, 17 Jul 2019 13:20:40 +0200},
  bibsource = {dblp computer science bibliography, https://dblp.org}
}

@inproceedings{DBLP:conf/qest/WoodsideZL05,
  author    = {C. Murray Woodside and
               Tao Zheng and
               Marin Litoiu},
  title     = {The Use of Optimal Filters to Track Parameters of Performance Models},
  booktitle = {Second International Conference on the Quantitative Evaluaiton of
               Systems {(QEST} 2005), 19-22 September 2005, Torino, Italy},
  pages     = {74--84},
  year      = {2005},
  crossref  = {DBLP:conf/qest/2005},
  timestamp = {Fri, 26 May 2017 00:51:19 +0200},
  bibsource = {dblp computer science bibliography, https://dblp.org}
}

@inproceedings{DBLP:conf/wosp/DidonaQRT15,
  author    = {Diego Didona and
               Francesco Quaglia and
               Paolo Romano and
               Ennio Torre},
  title     = {Enhancing Performance Prediction Robustness by Combining Analytical
               Modeling and Machine Learning},
  booktitle = {Proceedings of the 6th {ACM/SPEC} International Conference on Performance
               Engineering, Austin, TX, USA, Jan 31 - Feb 4, 2015},
  pages     = {145--156},
  year      = {2015},
  crossref  = {DBLP:conf/wosp/2015},
  timestamp = {Wed, 14 Nov 2018 10:52:17 +0100},
  bibsource = {dblp computer science bibliography, https://dblp.org}
}

@inproceedings{DBLP:conf/cnsm/GongGW10,
  author    = {Zhenhuan Gong and
               Xiaohui Gu and
               John Wilkes},
  title     = {{PRESS:} PRedictive Elastic ReSource Scaling for cloud systems},
  booktitle = {Proceedings of the 6th International Conference on Network and Service
               Management, {CNSM} 2010, Niagara Falls, Canada, October 25-29, 2010},
  pages     = {9--16},
  year      = {2010},
  crossref  = {DBLP:conf/cnsm/2010},
  timestamp = {Tue, 23 May 2017 01:11:56 +0200},
  bibsource = {dblp computer science bibliography, https://dblp.org}
}

@inproceedings{Foo:2010:MPR:1848650.1849222,
 author = {Foo, King Chun and Jiang, Zhen Ming and Adams, Bram and Hassan, Ahmed E. and Zou, Ying and Flora, Parminder},
 title = {Mining Performance Regression Testing Repositories for Automated Performance Analysis},
 booktitle = {Proceedings of the 2010 10th International Conference on Quality Software},
 series = {QSIC '10},
 year = {2010},
 isbn = {978-0-7695-4131-0},
 pages = {32--41},
 numpages = {10},
 keywords = {Mining software repositories, Performance regression testing, Performance analysis},
} 
@inproceedings{Foo:2015:ICS:2819009.2819034,
 author = {Foo, King Chun and Jiang, Zhen Ming (Jack) and Adams, Bram and Hassan, Ahmed E. and Zou, Ying and Flora, Parminder},
 title = {An Industrial Case Study on the Automated Detection of Performance Regressions in Heterogeneous Environments},
 booktitle = {Proceedings of the 37th International Conference on Software Engineering - Volume 2},
 series = {ICSE '15},
 year = {2015},
 location = {Florence, Italy},
 pages = {159--168},
 numpages = {10},
 acmid = {2819034},
} 


@inproceedings{DBLP:conf/sosp/CortezBMRFB17,
  author    = {Eli Cortez and
               Anand Bonde and
               Alexandre Muzio and
               Mark Russinovich and
               Marcus Fontoura and
               Ricardo Bianchini},
  title     = {Resource Central: Understanding and Predicting Workloads for Improved
               Resource Management in Large Cloud Platforms},
  booktitle = {Proceedings of the 26th Symposium on Operating Systems Principles,
               Shanghai, China, October 28-31, 2017},
  pages     = {153--167},
  year      = {2017},
  crossref  = {DBLP:conf/sosp/2017},
  timestamp = {Tue, 06 Nov 2018 16:59:32 +0100},
  bibsource = {dblp computer science bibliography, https://dblp.org}
}

@inproceedings{DBLP:conf/wosp/ShangHNF15,
  author    = {Weiyi Shang and
               Ahmed E. Hassan and
               Mohamed N. Nasser and
               Parminder Flora},
  title     = {Automated Detection of Performance Regressions Using Regression Models
               on Clustered Performance Counters},
  booktitle = {Proceedings of the 6th {ACM/SPEC} International Conference on Performance
               Engineering, Austin, TX, USA, January 31 - February 4, 2015},
  pages     = {15--26},
  year      = {2015},
  crossref  = {DBLP:conf/wosp/2015},
  timestamp = {Tue, 06 Nov 2018 16:57:59 +0100},
  bibsource = {dblp computer science bibliography, https://dblp.org}
}
@inproceedings{DBLP:conf/asplos/OliveiraFDHS13,
  author    = {Augusto Born de Oliveira and
               Sebastian Fischmeister and
               Amer Diwan and
               Matthias Hauswirth and
               Peter F. Sweeney},
  title     = {Why you should care about quantile regression},
  booktitle = {Architectural Support for Programming Languages and Operating Systems,
               {ASPLOS} '13, Houston, TX, {USA} - March 16 - 20, 2013},
  pages     = {207--218},
  year      = {2013},
  crossref  = {DBLP:conf/asplos/2013},
  timestamp = {Tue, 06 Nov 2018 11:07:42 +0100},
  bibsource = {dblp computer science bibliography, https://dblp.org}
}
@inproceedings{DBLP:conf/wosp/XiongPZG13,
  author    = {PengCheng Xiong and
               Calton Pu and
               Xiaoyun Zhu and
               Rean Griffith},
  title     = {vPerfGuard: an automated model-driven framework for application performance
               diagnosis in consolidated cloud environments},
  booktitle = {{ACM/SPEC} International Conference on Performance Engineering, ICPE'13,
               Prague, Czech Republic},
  pages     = {271--282},
  year      = {2013},
  crossref  = {DBLP:conf/wosp/2013},
  timestamp = {Tue, 06 Nov 2018 16:57:59 +0100},
  bibsource = {dblp computer science bibliography, https://dblp.org}
}
@inproceedings{DBLP:conf/wosp/CourtoisW00,
  author    = {Marc Courtois and
               C. Murray Woodside},
  title     = {Using regression splines for software performance analysis},
  booktitle = {Second International Workshop on Software and Performance, {WOSP}
               2000, Ottawa, Canada, September 17-20, 2000.},
  pages     = {105--114},
  year      = {2000},
  crossref  = {DBLP:conf/wosp/2000},
  timestamp = {Sat, 03 Aug 2019 21:51:58 +0200},
  bibsource = {dblp computer science bibliography, https://dblp.org}
}

@article{muhlbaueraccurate,
  title={Accurate Modeling of Performance Histories for Evolving Software Systems},
  author={M{\"u}hlbauer, Stefan and Apel, Sven and Siegmund, Norbert},
  year      = {2019},
  booktitle = {The 34th IEEE/ACM International Conference on Automated Software Engineering}
}

@article{DBLP:journals/stvr/GhaithWPJOM16,
  author    = {Shadi Ghaith and
               Miao Wang and
               Philip Perry and
               Zhen Ming Jiang and
               Patrick O'Sullivan and
               John Murphy},
  title     = {Anomaly detection in performance regression testing by transaction
               profile estimation},
  journal   = {Softw. Test., Verif. Reliab.},
  volume    = {26},
  number    = {1},
  pages     = {4--39},
  year      = {2016},
  timestamp = {Fri, 30 Nov 2018 13:20:49 +0100},
  bibsource = {dblp computer science bibliography, https://dblp.org}
}
@inproceedings{DBLP:conf/wosp/SyerJNHNF14,
  author    = {Mark D. Syer and
               Zhen Ming Jiang and
               Meiyappan Nagappan and
               Ahmed E. Hassan and
               Mohamed N. Nasser and
               Parminder Flora},
  title     = {Continuous validation of load test suites},
  booktitle = {{ACM/SPEC} International Conference on Performance Engineering, ICPE'14,
               Dublin, Ireland, March 22-26, 2014},
  pages     = {259--270},
  year      = {2014},
  crossref  = {DBLP:conf/wosp/2014},
  timestamp = {Tue, 06 Nov 2018 16:57:59 +0100},
  bibsource = {dblp computer science bibliography, https://dblp.org}
}
@article{DBLP:journals/ase/SyerSJH17,
  author    = {Mark D. Syer and
               Weiyi Shang and
               Zhen Ming Jiang and
               Ahmed E. Hassan},
  title     = {Continuous validation of performance test workloads},
  journal   = {Autom. Softw. Eng.},
  volume    = {24},
  number    = {1},
  pages     = {189--231},
  year      = {2017},
  timestamp = {Thu, 18 May 2017 09:53:07 +0200},
  bibsource = {dblp computer science bibliography, https://dblp.org}
}
@inproceedings{DBLP:conf/sosp/CohenZGSKF05,
  author    = {Ira Cohen and
               Steve Zhang and
               Mois{\'{e}}s Goldszmidt and
               Julie Symons and
               Terence Kelly and
               Armando Fox},
  title     = {Capturing, indexing, clustering, and retrieving system history},
  booktitle = {Proceedings of the 20th {ACM} Symposium on Operating Systems Principles
               2005, {SOSP} 2005, Brighton, UK, October 23-26, 2005},
  pages     = {105--118},
  year      = {2005},
  crossref  = {DBLP:conf/sosp/2005},
  timestamp = {Tue, 06 Nov 2018 16:59:32 +0100},
  bibsource = {dblp computer science bibliography, https://dblp.org}
}

@inproceedings{DBLP:conf/osdi/CohenCGKS04,
  author    = {Ira Cohen and
               Jeffrey S. Chase and
               Mois{\'{e}}s Goldszmidt and
               Terence Kelly and
               Julie Symons},
  title     = {Correlating Instrumentation Data to System States: {A} Building Block
               for Automated Diagnosis and Control},
  booktitle = {6th Symposium on Operating System Design and Implementation {(OSDI}
               2004), San Francisco, California, USA, December 6-8, 2004},
  pages     = {231--244},
  year      = {2004},
  crossref  = {DBLP:conf/osdi/2004},
  timestamp = {Wed, 04 Jul 2018 13:06:35 +0200},
  bibsource = {dblp computer science bibliography, https://dblp.org}
}

@inproceedings{DBLP:conf/icst/GaoJBL16,
  author    = {Ruoyu Gao and
               Zhen Ming Jiang and
               Cornel Barna and
               Marin Litoiu},
  title     = {A Framework to Evaluate the Effectiveness of Different Load Testing
               Analysis Techniques},
  booktitle = {2016 {IEEE} International Conference on Software Testing, Verification
               and Validation, {ICST} 2016, Chicago, IL, USA, April 11-15, 2016},
  pages     = {22--32},
  year      = {2016},
  crossref  = {DBLP:conf/icst/2016},
  timestamp = {Wed, 24 May 2017 08:30:36 +0200},
  bibsource = {dblp computer science bibliography, https://dblp.org}
}

@inproceedings{DBLP:conf/csmr/MalikJAHFH10,
  author    = {Haroon Malik and
               Zhen Ming Jiang and
               Bram Adams and
               Ahmed E. Hassan and
               Parminder Flora and
               Gilbert Hamann},
  title     = {Automatic Comparison of Load Tests to Support the Performance Analysis
               of Large Enterprise Systems},
  booktitle = {14th European Conference on Software Maintenance and Reengineering,
               {CSMR} 2010, 15-18 March 2010, Madrid, Spain},
  pages     = {222--231},
  year      = {2010},
  crossref  = {DBLP:conf/csmr/2010},
  timestamp = {Wed, 24 May 2017 08:29:47 +0200},
  bibsource = {dblp computer science bibliography, https://dblp.org}
}
@inproceedings{DBLP:conf/icse/MalikHH13,
  author    = {Haroon Malik and
               Hadi Hemmati and
               Ahmed E. Hassan},
  title     = {Automatic detection of performance deviations in the load testing
               of large scale systems},
  booktitle = {35th International Conference on Software Engineering, {ICSE} '13,
               San Francisco, CA, USA, May 18-26, 2013},
  pages     = {1012--1021},
  year      = {2013},
  crossref  = {DBLP:conf/icse/2013},
  timestamp = {Tue, 23 May 2017 01:11:37 +0200},
  bibsource = {dblp computer science bibliography, https://dblp.org}
}

@inproceedings{DBLP:conf/apsec/NguyenAJHNF11,
  author    = {Thanh H. D. Nguyen and
               Bram Adams and
               Zhen Ming Jiang and
               Ahmed E. Hassan and
               Mohamed N. Nasser and
               Parminder Flora},
  title     = {Automated Verification of Load Tests Using Control Charts},
  booktitle = {18th Asia Pacific Software Engineering Conference, {APSEC} 2011, Ho
               Chi Minh, Vietnam, December 5-8, 2011},
  pages     = {282--289},
  year      = {2011},
  crossref  = {DBLP:conf/apsec/2011},
  timestamp = {Wed, 17 May 2017 14:24:55 +0200},
  bibsource = {dblp computer science bibliography, https://dblp.org}
}
@inproceedings{DBLP:conf/wosp/NguyenAJHNF12,
  author    = {Thanh H. D. Nguyen and
               Bram Adams and
               Zhen Ming Jiang and
               Ahmed E. Hassan and
               Mohamed N. Nasser and
               Parminder Flora},
  title     = {Automated detection of performance regressions using statistical process
               control techniques},
  booktitle = {Third Joint {WOSP/SIPEW} International Conference on Performance Engineering,
               ICPE'12, Boston, MA, {USA} - April 22 - 25, 2012},
  pages     = {299--310},
  year      = {2012},
  crossref  = {DBLP:conf/wosp/2012},
  timestamp = {Tue, 06 Nov 2018 16:57:59 +0100},
  bibsource = {dblp computer science bibliography, https://dblp.org}
}
@inproceedings{DBLP:conf/msr/NguyenNHNF14,
  author    = {Thanh H. D. Nguyen and
               Meiyappan Nagappan and
               Ahmed E. Hassan and
               Mohamed N. Nasser and
               Parminder Flora},
  title     = {An industrial case study of automatically identifying performance
               regression-causes},
  booktitle = {11th Working Conference on Mining Software Repositories, {MSR} 2014, May 31 - June 1, 2014, Hyderabad, India},
  pages     = {232--241},
  year      = {2014},
  crossref  = {DBLP:conf/msr/2014},
  timestamp = {Tue, 06 Nov 2018 16:57:14 +0100},
  bibsource = {dblp computer science bibliography, https://dblp.org}
}

@inproceedings{DBLP:conf/cmg/Menasce02,
  author    = {Daniel A. Menasc{\'{e}}},
  title     = {Load Testing, Benchmarking, and Application Performance Management
               for the Web},
  booktitle = {28th International Computer Measurement Group Conference, December
               8-13, 2002, Reno, Nevada, USA, Proceedings},
  pages     = {271--282},
  year      = {2002},
  crossref  = {DBLP:conf/cmg/2002},
  timestamp = {Wed, 17 Jul 2019 13:20:23 +0200},
  bibsource = {dblp computer science bibliography, https://dblp.org}
}
@inproceedings{DBLP:conf/csmr/GhaithWPM13,
  author    = {Shadi Ghaith and
               Miao Wang and
               Philip Perry and
               John Murphy},
  title     = {Profile-Based, Load-Independent Anomaly Detection and Analysis in
               Performance Regression Testing of Software Systems},
  booktitle = {17th European Conference on Software Maintenance and Reengineering,
               {CSMR} 2013, Genova, Italy, March 5-8, 2013},
  pages     = {379--383},
  year      = {2013},
  crossref  = {DBLP:conf/csmr/2013},
  timestamp = {Fri, 02 Nov 2018 09:44:22 +0100},
  bibsource = {dblp computer science bibliography, https://dblp.org}
}
@article{DBLP:journals/tse/ZhengWL08,
  author    = {Tao Zheng and
               C. Murray Woodside and
               Marin Litoiu},
  title     = {Performance Model Estimation and Tracking Using Optimal Filters},
  journal   = {{IEEE} Trans. Software Eng.},
  volume    = {34},
  number    = {3},
  pages     = {391--406},
  year      = {2008},
  timestamp = {Wed, 17 May 2017 10:56:36 +0200},
  bibsource = {dblp computer science bibliography, https://dblp.org}
}
@article{DBLP:journals/tse/JiangH15,
  author    = {Zhen Ming Jiang and
               Ahmed E. Hassan},
  title     = {A Survey on Load Testing of Large-Scale Software Systems},
  journal   = {{IEEE} Trans. Software Eng.},
  volume    = {41},
  number    = {11},
  pages     = {1091--1118},
  year      = {2015},
  timestamp = {Wed, 17 May 2017 10:56:36 +0200},
  bibsource = {dblp computer science bibliography, https://dblp.org}
}



@inproceedings{DBLP:conf/icdm/LimLZFTLDZ14,
  author    = {Meng{-}Hui Lim and
               Jian{-}Guang Lou and
               Hongyu Zhang and
               Qiang Fu and
               Andrew Beng Jin Teoh and
               Qingwei Lin and
               Rui Ding and
               Dongmei Zhang},
  title     = {Identifying Recurrent and Unknown Performance Issues},
  booktitle = {2014 {IEEE} International Conference on Data Mining, {ICDM} 2014,
               Shenzhen, China, December 14-17, 2014},
  pages     = {320--329},
  year      = {2014},
  crossref  = {DBLP:conf/icdm/2014},
  timestamp = {Fri, 01 Mar 2019 13:05:18 +0100},
  bibsource = {dblp computer science bibliography, https://dblp.org}
}
@inproceedings{DBLP:conf/sosp/XuHFPJ09,
	author    = {Wei Xu and
	Ling Huang and
	Armando Fox and
	David A. Patterson and
	Michael I. Jordan},
	title     = {Detecting large-scale system problems by mining console logs},
	booktitle = {Proceedings of the 22nd {ACM} Symposium on Operating Systems Principles
	2009, {SOSP} 2009, Big Sky, Montana, USA, October 11-14, 2009},
	pages     = {117--132},
	year      = {2009},
	crossref  = {DBLP:conf/sosp/2009},
	timestamp = {Fri, 05 Jul 2019 09:41:14 +0200},
	bibsource = {dblp computer science bibliography, https://dblp.org}
}
@inproceedings{DBLP:conf/icdcs/TanKGN10,
	author    = {Jiaqi Tan and
	Soila Kavulya and
	Rajeev Gandhi and
	Priya Narasimhan},
	title     = {Visual, Log-Based Causal Tracing for Performance Debugging of MapReduce
	Systems},
	booktitle = {2010 International Conference on Distributed Computing Systems, {ICDCS}
	2010, Genova, Italy, June 21-25, 2010},
	pages     = {795--806},
	year      = {2010},
	crossref  = {DBLP:conf/icdcs/2010},
	timestamp = {Sun, 21 May 2017 00:17:43 +0200},
	bibsource = {dblp computer science bibliography, https://dblp.org}
}
@inproceedings{DBLP:conf/sigsoft/HeLLZLZ18,
	author    = {Shilin He and
	Qingwei Lin and
	Jian{-}Guang Lou and
	Hongyu Zhang and
	Michael R. Lyu and
	Dongmei Zhang},
	title     = {Identifying impactful service system problems via log analysis},
	booktitle = {Proceedings of the 2018 {ACM} Joint Meeting on European Software Engineering
	Conference and Symposium on the Foundations of Software Engineering,
	{ESEC/SIGSOFT} {FSE} 2018, Lake Buena Vista, FL, USA, November 04-09,
	2018},
	pages     = {60--70},
	year      = {2018},
	crossref  = {DBLP:conf/sigsoft/2018},
	timestamp = {Fri, 01 Mar 2019 13:05:18 +0100},
	bibsource = {dblp computer science bibliography, https://dblp.org}
}
@inproceedings{DBLP:conf/icsm/SyerJNHNF13,
	author    = {Mark D. Syer and
	Zhen Ming Jiang and
	Meiyappan Nagappan and
	Ahmed E. Hassan and
	Mohamed N. Nasser and
	Parminder Flora},
	title     = {Leveraging Performance Counters and Execution Logs to Diagnose Memory-Related
	Performance Issues},
	booktitle = {2013 {IEEE} International Conference on Software Maintenance, Eindhoven,
	The Netherlands, September 22-28, 2013},
	pages     = {110--119},
	year      = {2013},
	crossref  = {DBLP:conf/icsm/2013},
	timestamp = {Mon, 22 May 2017 17:11:02 +0200},
	bibsource = {dblp computer science bibliography, https://dblp.org}
}
@inproceedings{DBLP:conf/icse/HanDGZX12,
  author    = {Shi Han and
               Yingnong Dang and
               Song Ge and
               Dongmei Zhang and
               Tao Xie},
  title     = {Performance debugging in the large via mining millions of stack traces},
  booktitle = {34th International Conference on Software Engineering, {ICSE} 2012,
               June 2-9, 2012, Zurich, Switzerland},
  pages     = {145--155},
  year      = {2012},
  crossref  = {DBLP:conf/icse/2012},
  timestamp = {Fri, 06 Oct 2017 17:24:21 +0200},
  bibsource = {dblp computer science bibliography, https://dblp.org}
}
@inproceedings{DBLP:conf/icsm/JiangHHF09,
  author    = {Zhen Ming Jiang and
               Ahmed E. Hassan and
               Gilbert Hamann and
               Parminder Flora},
  title     = {Automated performance analysis of load tests},
  booktitle = {25th {IEEE} International Conference on Software Maintenance {(ICSM}
               2009), September 20-26, 2009, Edmonton, Alberta, Canada},
  pages     = {125--134},
  year      = {2009},
  crossref  = {DBLP:conf/icsm/2009},
  timestamp = {Mon, 22 May 2017 17:11:02 +0200},
  bibsource = {dblp computer science bibliography, https://dblp.org}
}

@Misc{SaleForcePerfDegradation2019,
  author = {Jennifer Cannon},
  title = {Performance degradation affecting Salesforce clients},
  howpublished = {\url{https://marketingland.com/performance-degradation-affecting-salesforce-clients-267699}},
  year = 2019,
  note = {{Last accessed 10/11/2019}},
}
@Misc{girdsearcv,
  title = {GridSearchCV},
  howpublished = {\url{https://scikit-learn.org/stable/modules/generated/sklearn.model_selection.GridSearchCV.html}},
  year = 2019,
  note = {{Last accessed 10/11/2019}},
}

@Misc{psutil,
  title = {psutil documentation
},
  howpublished = {\url{https://psutil.readthedocs.io}},
  year = 2019,
  note = {{Last accessed 10/11/2019}},
}

https://psutil.readthedocs.io/en/latest/

@inproceedings{romano2006appropriate,
	Author = {Romano, Jeanine and Kromrey, Jeffrey D and Coraggio, Jesse and Skowronek, Jeff},
	Booktitle = {annual meeting of the Florida Association of Institutional Research},
	Pages = {1--33},
	Title = {Appropriate statistics for ordinal level data: Should we really be using t-test and Cohen'sd for evaluating group differences on the NSSE and other surveys},
	Year = {2006}}
@article{cliff1996ordinal,
	Author = {Cliff, Norman},
	Publisher = {Lawrence Erlbaum Associates, Inc},
	Title = {Ordinal methods for behavioral data analysis.},
	Year = {1996}}


@article{DBLP:journals/tse/WeyukerV00,
  author    = {Elaine J. Weyuker and
               Filippos I. Vokolos},
  title     = {Experience with Performance Testing of Software Systems: Issues, an
               Approach, and Case Study},
  journal   = {{IEEE} Trans. Software Eng.},
  volume    = {26},
  number    = {12},
  pages     = {1147--1156},
  year      = {2000},
  timestamp = {Wed, 17 May 2017 10:56:36 +0200},
  bibsource = {dblp computer science bibliography, https://dblp.org}
}

@Misc{SyncsortWhitePaper2018,
  author = {Syncsort},
  title = {White Paper: Assessing the Financial Impact of Downtime},
  year = 2018,
}
@Misc{jamesreleasenote,
  title = {Apache James release notes},
    howpublished = {\url{http://james.apache.org/server/release-notes.html}},
  year = 2018,
}





@inproceedings{DBLP:conf/issre/FarshchiSWG15,
  author    = {Mostafa Farshchi and
               Jean{-}Guy Schneider and
               Ingo Weber and
               John C. Grundy},
  title     = {Experience report: Anomaly detection of cloud application operations
               using log and cloud metric correlation analysis},
  booktitle = {26th {IEEE} International Symposium on Software Reliability Engineering,
               {ISSRE} 2015, Gaithersbury, MD, USA, November 2-5, 2015},
  pages     = {24--34},
  year      = {2015},
  crossref  = {DBLP:conf/issre/2015},
  timestamp = {Fri, 02 Nov 2018 09:37:44 +0100},
  bibsource = {dblp computer science bibliography, https://dblp.org}
}

@inproceedings{Yao:2018:LSL:3184407.3184416,
 author = {Yao, Kundi and B. de P\'{a}dua, Guilherme and Shang, Weiyi and Sporea, Steve and Toma, Andrei and Sajedi, Sarah},
 title = {Log4Perf: Suggesting Logging Locations for Web-based Systems' Performance Monitoring},
 booktitle = {Proceedings of the 2018 ACM/SPEC International Conference on Performance Engineering},
 series = {ICPE '18},
 year = {2018},
 isbn = {978-1-4503-5095-2},
 location = {Berlin, Germany},
 pages = {127--138},
 numpages = {12},
} 
@article{DBLP:journals/csur/IbidunmoyeHE15,
  author    = {Olumuyiwa Ibidunmoye and
               Francisco Hern{\'{a}}ndez{-}Rodriguez and
               Erik Elmroth},
  title     = {Performance Anomaly Detection and Bottleneck Identification},
  journal   = {{ACM} Comput. Surv.},
  volume    = {48},
  number    = {1},
  pages     = {4:1--4:35},
  year      = {2015},
  timestamp = {Tue, 06 Nov 2018 12:50:49 +0100},
  bibsource = {dblp computer science bibliography, https://dblp.org}
}
@inproceedings{DBLP:conf/fast/YadwadkarBGNS10,
  author    = {Neeraja J. Yadwadkar and
               Chiranjib Bhattacharyya and
               Kanchi Gopinath and
               Thirumale Niranjan and
               Sai Susarla},
  title     = {Discovery of Application Workloads from Network File Traces},
  booktitle = {8th {USENIX} Conference on File and Storage Technologies, San Jose,
               CA, USA, February 23-26, 2010},
  pages     = {183--196},
  year      = {2010},
  crossref  = {DBLP:conf/fast/2010},
  timestamp = {Wed, 04 Jul 2018 13:06:35 +0200},
  bibsource = {dblp computer science bibliography, https://dblp.org}
}
@article{DBLP:journals/tse/KrishnamurthyRM06,
  author    = {Diwakar Krishnamurthy and
               Jerome A. Rolia and
               Shikharesh Majumdar},
  title     = {A Synthetic Workload Generation Technique for Stress Testing Session-Based
               Systems},
  journal   = {{IEEE} Trans. Software Eng.},
  volume    = {32},
  number    = {11},
  pages     = {868--882},
  year      = {2006},
  timestamp = {Wed, 17 May 2017 10:56:35 +0200},
  biburl    = {https://dblp.org/rec/bib/journals/tse/KrishnamurthyRM06},
  bibsource = {dblp computer science bibliography, https://dblp.org}
}
@incollection{benesty2009pearson,
	title={Pearson correlation coefficient},
	author={Benesty, Jacob and Chen, Jingdong and Huang, Yiteng and Cohen, Israel},
	booktitle={Noise reduction in speech processing},
	pages={1--4},
	year={2009},
	publisher={Springer}
}
@article{nachar2008mann,
  title={The Mann-Whitney U: A test for assessing whether two independent samples come from the same distribution},
  author={Nachar, Nadim and others},
  journal={Tutorials in quantitative Methods for Psychology},
  volume={4},
  number={1},
  pages={13--20},
  year={2008}
}
@article{ES2006:Becker,
	title={Effect size (ES)},
	author={Becker, Lee A},
	journal={Accessed on October},
	volume={12},
	number={2006},
	pages={155--159},
	year={2000}
}

@article{sullivan2012using,
  title={Using effect size—or why the P value is not enough},
  author={Sullivan, Gail M and Feinn, Richard},
  journal={Journal of graduate medical education},
  volume={4},
  number={3},
  pages={279--282},
  year={2012},
  publisher={The Accreditation Council for Graduate Medical Education Suite 2000, 515~…}
}


@inproceedings{DacremaArxiv2019,
  author    = {Maurizio Ferrari Dacrema and
               Paolo Cremonesi and
               Dietmar Jannach},
  title     = {Are we really making much progress? {A} worrying analysis of recent
               neural recommendation approaches},
  booktitle = {Proceedings of the 13th {ACM} Conference on Recommender Systems, RecSys
               2019, Copenhagen, Denmark, September 16-20, 2019.},
  pages     = {101--109},
  year      = {2019},
  crossref  = {DBLP:conf/recsys/2019},
  timestamp = {Wed, 09 Oct 2019 14:20:04 +0200},
  bibsource = {dblp computer science bibliography, https://dblp.org}
}

@Manual{R-RandomForest,
    title = {Breiman and Cutler's Random Forests for Classification and Regression},
    author = {Leo Breiman and Adele Cutler and Andy Liaw and Matthew Wiener},
    year = {2018},
    note = {R package version 4.6-14},
    url = {https://cran.r-project.org/web/packages/randomForest/index.html},
  }
  
@Misc{Apache-James,
  title = {Apache James Project-Apache James Server 3-Release Notes},
  howpublished = {\url{http://james.apache.org/server/release-notes.html}},
  year = 2019,
  note = {{Last accessed 10/09/2019}},
}

@inproceedings{Chen:2016:CHD:2950290.2950303,
  author    = {Tse{-}Hsun Chen and
               Weiyi Shang and
               Ahmed E. Hassan and
               Mohamed N. Nasser and
               Parminder Flora},
  title     = {CacheOptimizer: helping developers configure caching frameworks for
               hibernate-based database-centric web applications},
  booktitle = {Proceedings of the 24th {ACM} {SIGSOFT} International Symposium on
               Foundations of Software Engineering, {FSE} 2016, Seattle, WA, USA,
               November 13-18, 2016},
  pages     = {666--677},
  year      = {2016},
  crossref  = {DBLP:conf/sigsoft/2016},
  timestamp = {Tue, 06 Nov 2018 16:59:23 +0100},
  bibsource = {dblp computer science bibliography, https://dblp.org}
}

@article{Romano2016,
author = {Romano, Jeanine and Kromrey, Jeffrey},
year = {2006},
month = {01},
pages = {},
title = {Appropriate Statistics for Ordinal Level Data: Should We Really Be Using t-test and Cohen's d for Evaluating Group Differences on the NSSE and other Surveys?}
}
@Misc{pidstat,
	title = {pidstat: Report statistics for tasks - Linux man page},
	howpublished = {\url{https://linux.die.net/man/1/pidstat}},
	year = 2019,
	note = {{Last accessed 10/11/2019}}
}
